@misc{mecs2023,
author={{ACIMAC Research Department}},
title = {World Production and Consumption of Ceramic Tiles},
institution = {Manufacturing Economics Study},
year={2023},
number={12},
howpublished = {\url{https://www.mecs.org/it/shop/cat/16-mercato-ceramico/prod/111-produzione-e-consumo-mondiale-di-piastrelle-ceramiche}},
}


@Article{TFW2015,
author={Queiroz, T. A.
and Miyazawa, F. K.
and Wakabayashi, Y.},
title="On the {L}-approach for generating unconstrained two-dimensional non-guillotine cutting patterns",
journal={4OR},
year={2015},
month={Jun},
day={01},
volume={13},
number={2},
pages={199-219}
}
%doi={10.1007/s10288-014-0274-3},

@article{Birgin12,
author = {E. G. Birgin and R. D. Lobato and R. Morabito},
title = {Generating unconstrained two-dimensional non-guillotine cutting patterns by a Recursive Partitioning Algorithm},
journal = {Journal of the Operational Research Society},
volume = {63},
number = {2},
pages = {183--200},
year = {2012},
publisher = {Taylor \& Francis}
}
%doi = {10.1057/jors.2011.6},

@Article{Mungwattana2023,
author={Mungwattana, Anan
and Piyachayawat, Thanakrit
and Janssens, Gerrit K.},
title={A two-step evolutionary algorithm for the distributor's pallet loading problem with multi-size pallets},
journal={Flexible Services and Manufacturing Journal},
year={2023},
volume={35},
number={4},
pages={1256-1275}
}
%doi={10.1007/s10696-022-09461-y},


@Article{BLM2024,
author={Borges, Yulle G. F.
and de Lima, Vin{\'i}cius L.
and Miyazawa, Fl{\'a}vio K.
and Pedrosa, Lehilton L. C.
and Queiroz, Thiago A.
and Schouery, Rafael C. S.},
title={Algorithms for the bin packing problem with scenarios},
journal={Journal of Combinatorial Optimization},
year={2024},
month={Oct},
day={24},
volume={48},
number={4},
pages={34},
}
%doi={10.1007/s10878-024-01221-y},


@article{BISCHOFF1995,
title = {Loading pallets with non-identical items},
journal = {European Journal of Operational Research},
volume = {84},
number = {3},
pages = {681-692},
year = {1995},
author = {E.E. Bischoff and F. Janetz and M.S.W. Ratcliff}
}
%doi = {10.1016/0377-2217(95)00031-K},

@article{Hodgson1982,
author = {Thom J. Hodgson},
title = {A Combined Approach to the Pallet Loading Problem},
journal = {A I I E Transactions},
volume = {14},
number = {3},
pages = {175--182},
year = {1982},
publisher = {Taylor \& Francis}
}
%doi = {10.1080/05695558208975057},

@inproceedings{iori2020,
  title={Solution of a Practical Pallet Building Problem with Visibility and Contiguity Constraints.},
  author={Iori, Manuel and Locatelli, Marco and Moreira, Mayron C{\'e}sar O and Silveira, Tiago and others},
  booktitle={ICEIS (1)},
  pages={327--338},
  year={2020}
}


@Article{Calzavara2021,
author={Calzavara, Gabriele
and Iori, Manuel
and Locatelli, Marco
and Moreira, Mayron C. O.
and Silveira, Tiago},
title={Mathematical models and heuristic algorithms for pallet building problems with practical constraints},
journal={Annals of Operations Research},
year={2021},
issn={1572-9338}
}
%doi={10.1007/s10479-021-04349-w}


@article{TERNO2000,
title = {An efficient approach for the multi-pallet loading problem},
journal = {European Journal of Operational Research},
volume = {123},
number = {2},
pages = {372-381},
year = {2000},
issn = {0377-2217},
author = {Johannes Terno and Guntram Scheithauer and Uta Sommerweiß and Jan Riehme},
}
%doi = {10.1016/S0377-2217(99)00263-5},

@article{Silva2016,
  title={The pallet loading problem: a review of solution methods and computational experiments},
  author={Silva, Elsa and Oliveira, Jos{\'e} F and W{\"a}scher, Gerhard},
  journal={International Transactions in Operational Research},
  volume={23},
  number={1-2},
  pages={147--172},
  year={2016},
  publisher={Wiley Online Library}
}




@article{DELORME2016,
title = {Bin packing and cutting stock problems: Mathematical models and exact algorithms},
journal = {European Journal of Operational Research},
volume = {255},
number = {1},
pages = {1-20},
year = {2016},
issn = {0377-2217},
author = {Maxence Delorme and Manuel Iori and Silvano Martello},
}
%doi = {10.1016/j.ejor.2016.04.030},

@BOOK{Yagiura2025,
  TITLE = {Cutting and Packing Problems},
  SUBTITLE = {From the Perspective of Combinatorial Optimization},
  AUTHOR = {Mutsunori Yagiura and Shinji Imahori and Yannan Hu},
  YEAR = {2025}, 
  PUBLISHER = {Springer Tokyo},
}

@BOOK{Scheithauer2018,
  TITLE = {Introduction to Cutting and Packing Optimization},
  SUBTITLE = {Problems, Modeling Approaches, Solution Methods},
  AUTHOR = {Guntram Scheithauer},
  YEAR = {2018}, 
  PUBLISHER = {Springer Cham},
}

@article{Salem2023,
author = {Hadj Salem, Khadija and Silva, Elsa and Oliveira, José Fernando},
title = {Cutting and packing problems under uncertainty: literature review and classification framework},
journal = {International Transactions in Operational Research},
volume = {30},
number = {6},
pages = {3329-3360},
doi = {10.1111/itor.13318},
year = {2023}
}

@article{NASCIMENTO2021,
title = {Practical constraints in the container loading problem: Comprehensive formulations and exact algorithm},
journal = {Computers \& Operations Research},
volume = {128},
pages = {105186},
year = {2021},
issn = {0305-0548},
author = {Oliviana Xavier Nascimento and Thiago Alves Queiroz and Leonardo Junqueira},
}
%doi = {10.1016/j.cor.2020.105186},

@article{WASCHER2007,
title = {An improved typology of cutting and packing problems},
journal = {European Journal of Operational Research},
volume = {183},
number = {3},
pages = {1109-1130},
year = {2007},
issn = {0377-2217},
author = {Gerhard W\"ascher and Heike Haußner and Holger Schumann},
}
%doi = {10.1016/j.ejor.2005.12.047},

@article{BORTFELDT2013,
title = {Constraints in container loading - A state-of-the-art review},
journal = {European Journal of Operational Research},
volume = {229},
number = {1},
pages = {1-20},
year = {2013},
issn = {0377-2217},
author = {Andreas Bortfeldt and Gerhard W\"ascher},
}
%doi = {10.1016/j.ejor.2012.12.006},

@article{ALI2022,
title = {On-line three-dimensional packing problems: A review of off-line and on-line solution approaches},
journal = {Computers \& Industrial Engineering},
volume = {168},
pages = {108122},
year = {2022},
issn = {0360-8352},
author = {Sara Ali and António Galrão Ramos and Maria Antónia Carravilla and José Fernando Oliveira},
}
%doi = {10.1016/j.cie.2022.108122},

@article{IORI2021,
title = {Exact solution techniques for two-dimensional cutting and packing},
journal = {European Journal of Operational Research},
volume = {289},
number = {2},
pages = {399-415},
year = {2021},
issn = {0377-2217},
author = {Manuel Iori and Vinícius L. {de Lima} and Silvano Martello and Flávio K. Miyazawa and Michele Monaci},
}
%doi = {10.1016/j.ejor.2020.06.050},

@article{LODI2002,
title = {Two-dimensional packing problems: A survey},
journal = {European Journal of Operational Research},
volume = {141},
number = {2},
pages = {241-252},
year = {2002},
issn = {0377-2217},
author = {Andrea Lodi and Silvano Martello and Michele Monaci},
}
%doi = {10.1016/S0377-2217(02)00123-6},

@article{Sweeney1992,
author = {Paul E. Sweeney and Elizabeth Ridenour Paternoster},
title = {Cutting and Packing Problems: A Categorized, Application-Orientated Research Bibliography},
journal = {Journal of the Operational Research Society},
volume = {43},
number = {7},
pages = {691-706},
year = {1992},
publisher = {Taylor \& Francis},
}
%doi = {10.1057/jors.1992.101},

@inproceedings{xgboost,
  title={{XGBoost}: A scalable tree boosting system},
  author={Chen, Tianqi and Guestrin, Carlos},
  booktitle={Proceedings of the 22nd acm sigkdd international conference on knowledge discovery and data mining},
  pages={785--794},
  year={2016}
}

@article{scikitlearn,
title={Scikit-learn: Machine learning in Python},
  author={Pedregosa, Fabian and Varoquaux, Ga{\"e}l and Gramfort, Alexandre and Michel, Vincent and Thirion, Bertrand and Grisel, Olivier and Blondel, Mathieu and Prettenhofer, Peter and Weiss, Ron and Dubourg, Vincent and others},
  journal={the Journal of machine Learning research},
  volume={12},
  pages={2825--2830},
  year={2011},
  publisher={JMLR. org}
}

@article{BENGIO2021,
  title={Machine learning for combinatorial optimization: a methodological tour d’horizon},
  author={Bengio, Yoshua and Lodi, Andrea and Prouvost, Antoine},
  journal={European Journal of Operational Research},
  volume={290},
  number={2},
  pages={405--421},
  year={2021},
  publisher={Elsevier}
}


@Article{Amico2021,
AUTHOR = {Dell'Amico, Mauro and Magnani, Matteo},
TITLE = {Solving a Real-Life Distributor's Pallet Loading Problem},
JOURNAL = {Mathematical and Computational Applications},
VOLUME = {26},
YEAR = {2021},
NUMBER = {3},
ARTICLE-NUMBER = {53}
}
%doi = {10.3390/mca26030053},

@misc{fcaterms,
  author = {Wikipedia},
  title = {Incoterms},
  howpublished = {\url{https://en.wikipedia.org/wiki/Incoterms}},
  note = {Accessed: 2024-11-30}
}


@Article{Fang2023,
AUTHOR = {Fang, Jie and Rao, Yunqing and Zhao, Xusheng and Du, Bing},
TITLE = {A Hybrid Reinforcement Learning Algorithm for {2D} Irregular Packing Problems},
JOURNAL = {Mathematics},
VOLUME = {11},
YEAR = {2023},
NUMBER = {2},
ARTICLE-NUMBER = {327},
ISSN = {2227-7390}
}
%DOI = {10.3390/math11020327}

@article{QUE2023,
title = {Solving {3D} packing problem using Transformer network and reinforcement learning},
journal = {Expert Systems with Applications},
volume = {214},
pages = {119153},
year = {2023},
issn = {0957-4174},
author = {Quanqing Que and Fang Yang and Defu Zhang},
}
%doi = {10.1016/j.eswa.2022.119153},

@article{QM2020,
author = {Queiroz, Thiago Alves and Mundim, Leandro Resende},
title = {Multiobjective pseudo-variable neighborhood descent for a bicriteria parallel machine scheduling problem with setup time},
journal = {International Transactions in Operational Research},
volume = {27},
number = {3},
pages = {1478--1500},
year = {2020}
}

@Inbook{Layeb2024,
author="Layeb, Safa Bhar
and Omri, Oussema",
editor="Kulkarni, Anand J.
and Gandomi, Amir H.",
title="Solving the Pallet Loading Problem with Deep Reinforcement Learning",
bookTitle="Handbook of Formal Optimization",
year="2024",
publisher="Springer Nature Singapore",
address="Singapore",
pages="807--825",
}
%doi="10.1007/978-981-97-3820-5_17",

@misc{packvol,
  author       = {PackVol},
  title        = {Optimization Software for Load Planning},
  year         = {2024},
  howpublished = {\url{https://www.packvol.com/index.html}},
  note         = {Accessed: 2024-12-10}
}

@misc{lightgbm,
  author       = {LightGBM},
  title        = {Light Gradient Boosting Machine},
  year         = {2024},
  howpublished = {\url{https://github.com/microsoft/LightGBM}},
  note         = {Accessed: 2024-12-10}
}



@misc{kaggle-xgbost-tuning,
  title        = {A Guide on {XGBoost} hyperparameters tuning},
  author       = {Prashant Banerjee},
  year         = 2020,
  note         = {Accessed: 2024-09-26},
  howpublished = {\url{https://www.kaggle.com/code/prashant111/a-guide-on-xgboost-hyperparameters-tuning}}
}

@misc{analytics-vidhya-xgbost-tuning,
  title        = {XGBoost Parameters Tuning: A Complete Guide with Python Codes},
  author       = {Aarshay Jain},
  year         = 2024,
  note         = {Accessed: 2024-09-26},
  howpublished = {\url{https://www.analyticsvidhya.com/blog/2016/03/complete-guide-parameter-tuning-xgboost-with-codes-python/}}
}
